@article{Singh2006,
  doi = {10.1108/00251740610673332},
  url = {https://doi.org/10.1108/00251740610673332},
  year  = {2006},
  month = {jul},
  publisher = {Emerald},
  volume = {44},
  number = {6},
  pages = {783--789},
  author = {Satyendra Singh},
  title = {Impact of color on marketing},
  journal = {Management Decision}
}